<record><leader>00000cas a22000007a 4500</leader><controlfield tag="001">9351696</controlfield><controlfield tag="008">830328d19121913ksucr ne      0    0eng d</controlfield><controlfield tag="009">3789</controlfield><datafield ind1=" " ind2=" " tag="010"><subfield code="a">sn 83040016 </subfield></datafield><datafield ind1=" " ind2=" " tag="040"><subfield code="a">KSH</subfield><subfield code="b">eng</subfield><subfield code="c">KSH</subfield><subfield code="d">NPT</subfield></datafield><datafield ind1="1" ind2=" " tag="029"><subfield code="a">AU@</subfield><subfield code="b">000025788251</subfield></datafield><datafield ind1=" " ind2=" " tag="042"><subfield code="a">msc</subfield></datafield><datafield ind1=" " ind2=" " tag="043"><subfield code="a">n-us-ks</subfield></datafield><datafield ind1="0" ind2="4" tag="245"><subfield code="a">The Humboldt semi-weekly herald.</subfield></datafield><datafield ind1=" " ind2=" " tag="260"><subfield code="a">Humboldt, Kan. :</subfield><subfield code="b">E.A. Berdell,</subfield><subfield code="c">1912-1913.</subfield></datafield><datafield ind1=" " ind2=" " tag="300"><subfield code="a">1 v. :</subfield><subfield code="b">ill. ;</subfield><subfield code="c">55 cm.</subfield></datafield><datafield ind1=" " ind2=" " tag="310"><subfield code="a">Semiweekly</subfield></datafield><datafield ind1="0" ind2=" " tag="362"><subfield code="a">Vol. 26, no. 17 (Sept. 30, 1912)-v. 26, no. 45 (Jan. 6, 1913).</subfield></datafield><datafield ind1="1" ind2=" " tag="700"><subfield code="a">Berdell, E. A.</subfield></datafield><datafield ind1=" " ind2=" " tag="752"><subfield code="a">United States</subfield><subfield code="b">Kansas</subfield><subfield code="c">Allen</subfield><subfield code="d">Humboldt.</subfield></datafield><datafield ind1="0" ind2="0" tag="780"><subfield code="t">Humboldt daily herald</subfield><subfield code="w">(DLC)sn 83040012</subfield></datafield><datafield ind1="0" ind2="0" tag="785"><subfield code="t">Humboldt herald (Humboldt, Kan. : 1913)</subfield><subfield code="w">(DLC)sn 83040015</subfield></datafield></record>